@manual{Oetiket,
    author = {Oetiket, T. and Partl, H. and Hyna and Schlegl, E.},
    title = {{The not-so-short introduction to Latex}},
    url = {http://www.ctan.org/tex-archive/info/lshort/english/lshort.pdf}
}

@phdthesis{Duindam2006,
author = {Duindam, Vincent},
school = {University of Twente},
title = {Port-based modeling and control for efficient bipedal walking robots},
year = {2006}
}


@INPROCEEDINGS{Duindam2007,
author={Duindam, V. and Stramigioli, S.},
booktitle={Intelligent Robots and Systems, 2007. IROS 2007. IEEE/RSJ International Conference on},
title={Lagrangian dynamics of open multibody systems with generalized holonomic and nonholonomic joints},
year={2007},
month={29 2007-nov. 2},
volume={},
number={},
pages={3342 -3347},
}

@article{Park2005,
author = {Park, Jonghoon},
journal = {Multibody System Dynamics},
month = nov,
number = {3-4},
pages = {269--299},
title = {Principle of Dynamical Balance for Multibody Systems},
volume = {14},
year = {2005}
}

@book{Murray1994,
author = {Murray, R.M. and Li, Zexiang and Sastry, S.S.},
publisher = {CRC},
title = {A mathematical introduction to robotic manipulation},
year = {1994}
}
booktitle = {Recent Advances in the 3D Physiological Human},
editor = {Magnenat-Thalmann, Nadia and Zhang, Jian J. and Feng, David D.},
publisher = {Springer London},
pages = {121-131},
year = {2009}
}

@MastersThesis{Ibanez2011,
author = {Ibanez, Aur\'elien},
title = {Planification dynamique de T\^aches complexes pour Mannequin virtuel},
school = {Universit\'e Pierre et Marie Curie, Paris 6},
year = {2011}
}

@ARTICLE{rubrecht-AutonomousRobots2012,
	AUTHOR = {Rubrecht, S. and Padois, V. and Bidaud, P. and de Broissia, M. and Da Silva Simoes, M.},
	TITLE = {Motion safety and constraints compatibility for multibody robots},
	YEAR = {2012},
	PUBLISHER = {Springer Netherlands},
	PAGES = {333-349},
	JOURNAL = {Autonomous Robots},
	VOLUME = {32},
	NUMBER = {3},
	url ={http://hal.archives-ouvertes.fr/hal-00719855/en},
	DOI = {10.1007/s10514-011-9264-x}
}
